@misc{ wiki:avro,
  author = {{Wikipedia}},
  title = "Apache Avro",
  year = "2017",
  url = "https://en.wikipedia.org/wiki/Apache_Avro"
}

@misc{ linkedin:brokers,
  author = {{Joel Koshy}},
  title = "Kafka Ecosystem at LinkedIn",
  year = "2016",
  url = "https://engineering.linkedin.com/blog/2016/04/kafka-ecosystem-at-linkedin"
}

@inproceedings{hunt2010zookeeper,
  title={ZooKeeper: Wait-free Coordination for Internet-scale Systems.},
  author={Hunt, Patrick and Konar, Mahadev and Junqueira, Flavio Paiva and Reed, Benjamin},
  booktitle={USENIX annual technical conference},
  volume={8},
  number={9},
  year={2010},
  organization={Boston, MA, USA}
}

@misc{ raspberry:pi,
  author = {{oliver hu}},
  title = "Set up a Kafka cluster with Raspberry Pi",
  year = "2017",
  url = "https://medium.com/@oliver_hu/set-up-a-kafka-cluster-with-raspberry-pi-2859005a9bed"
}
